@online{tarantool,
  title        = {Документация Tarantool},
  author       = {{Tarantool Developers}},
  year         = {2025},
  url          = {https://www.tarantool.io/en/doc/latest/},
  note         = {[Электронный ресурс]. Дата обращения: 01.09.2025}
}

@online{tcf,
  title        = {Документация TCF},
  author       = {{TCF Developers}},
  year         = {2025},
  url          = {https://www.tarantool.io/en/clustersfederation/doc/latest/},
  note         = {[Электронный ресурс]. Дата обращения: 01.09.2025}
}

@misc{etcd,
  title        = {Документация etcd},
  author       = {{etcd-io}},
  year         = {2025},
  url          = {https://etcd.io/docs/},
  note         = {[Электронный ресурс]. Дата обращения: 01.09.2025}
}

@misc{grafonnet,
  title        = {Grafonnet},
  author       = {{Grafana Labs}},
  year         = {2025},
  url          = {https://github.com/grafana/grafonnet-lib},
  note         = {[Электронный ресурс]. Дата обращения: 01.09.2025}
}

@misc{grafana,
  title        = {Grafana},
  author       = {{Grafana Labs}},
  year         = {2025},
  url          = {https://grafana.com/docs/},
  note         = {[Электронный ресурс]. Дата обращения: 01.09.2025}
}

@misc{prometheus,
  title        = {Prometheus},
  author       = {{Prometheus Authors}},
  year         = {2025},
  url          = {https://prometheus.io/docs/},
  note         = {[Электронный ресурс]. Дата обращения: 01.09.2025}
}

@misc{jsonnet,
  title        = {Jsonnet},
  author       = {{Google}},
  year         = {2025},
  url          = {https://jsonnet.org},
  note         = {[Электронный ресурс]. Дата обращения: 01.09.2025}
}
