@article{boichenko,
  author = {Бойченко, О. В. and Смирнова, О. Ю.},
  title = {Правовые аспекты существования интеллектуальной собственности в сети Интернет},
  journal = {Экономика строительства и природопользования},
  year = {2020},
  number = {1 (74)},
  pages = {70--80},
  language = {russian}
}

@article{gkRF4,
  title = {Гражданский кодекс Российской Федерации (часть четвертая) от 18.12.2006 № 230-ФЗ (ред. от 23.05.2018)},
  journal = {Собрание законодательства РФ},
  year = {2006},
  number = {52 (1 ч.)},
  pages = {5496},
  language = {russian},
  note = {Принят 18.12.2006, последняя редакция от 23.05.2018}
}

@legal{gpkRF,
  title = {Гражданский процессуальный кодекс Российской Федерации},
  number = {138-ФЗ},
  date = {2002-11-14},
  publisher = {Российская Федерация},
  journal = {Собрание законодательства Российской Федерации},
  year = {2002},
  volume = {46},
  pages = {4532},
  language = {russian},
  note = {Принят Государственной Думой 23 октября 2002 года, одобрен Советом Федерации 30 октября 2002 года}
}

@legal{fz149,
  title = {Федеральный закон «Об информации, информационных технологиях и о защите информации»},
  number = {149-ФЗ},
  date = {2006-07-27},
  publisher = {Российская Федерация},
  journal = {Собрание законодательства Российской Федерации},
  year = {2006},
  volume = {31},
  number = {1 ч.},
  pages = {3448},
  language = {russian},
  note = {Принят Государственной Думой 21 июля 2006 года, одобрен Советом Федерации 26 июля 2006 года}
}

@article{Zavgorodnyaya2018,
  author       = {Завгородняя, С. А.},
  title        = {Правовые аспекты защиты авторских прав в сети Интернет},
  journal      = {Теория и практика современной науки},
  year         = {2018},
  number       = {11(41)},
  pages        = {313--314},
  note         = {URL: \url{https://cyberleninka.ru/article/n/pravovye-aspekty-zaschity-avtorskih-prav-v-seti-internet} (дата обращения: 31.03.2025)},
  language     = {russian}
}

@book{Gavrilov2014,
  author    = {Гаврилов, Э. П. and Еременко, В. И.},
  title     = {Комментарий к части четвёртой Гражданского кодекса Российской Федерации (постатейный)},
  publisher = {Экзамен},
  year      = {2014},
  address   = {Москва},
  pages     = {973},
  language  = {russian}
}

@article{Nikitin2018,
  author    = {Никитин, К.},
  title     = {Проблемы реализации антипиратского законодательства в России},
  journal   = {Современное право},
  year      = {2018},
  number    = {6},
  pages     = {12--15}
}

@article{UKRF146,
  author       = {{Российская Федерация}},
  title        = {Уголовный кодекс Российской Федерации от 13.06.1996 № 63-ФЗ (ред. от 01.03.2024)},
  note         = {Ст. 146. Нарушение авторских и смежных прав},
  year         = {1996},
  language     = {russian}
}

@article{KOAP712,
  author       = {{Российская Федерация}},
  title        = {Кодекс Российской Федерации об административных правонарушениях от 30.12.2001 № 195-ФЗ (ред. от 01.03.2024)},
  note         = {Ст. 7.12. Нарушение авторских и смежных прав, изобретательских и патентных прав},
  year         = {2001},
  language     = {russian}
}

@article{
  FZ187,
  author       = {{Российская Федерация}},
  title        = {Федеральный закон от 2 июля 2013 г. № 187-ФЗ "О внесении изменений в отдельные законодательные акты Российской Федерации по вопросам защиты прав интеллектуальной собственности в информационно-телекоммуникационных сетях"},
  year         = {2013},
  language     = {russian}
}
