@article{Amadio2002,
  author    = {Amadio, R. and Lugiez, D. and Vanackere, V.},
  title     = {On the symbolic reduction of processes with cryptographic functions},
  journal   = {Theoretical Computer Science},
  year      = {2002},
  volume    = {290},
  number    = {1},
  pages     = {695--740}
}

@inproceedings{Basin2003,
  author    = {Basin, D. and M{\"o}dersheim, S. and Vigan{\`o}, L.},
  title     = {An On-The-Fly Model-Checker for Security Protocol Analysis},
  booktitle = {Proceedings of the 8th European Symposium on Research in Computer Security (ESORICS 2003)},
  editor    = {Snekkenes, E. and Gollmann, D.},
  series    = {Lecture Notes in Computer Science},
  volume    = {2808},
  pages     = {253--270},
  publisher = {Springer},
  year      = {2003}
}

@incollection{Bockmayr2001,
  author    = {Bockmayr, A. and Weispfenning, V.},
  title     = {Solving numerical constraints},
  booktitle = {Handbook of Automated Reasoning},
  editor    = {Robinson, A. and Voronkov, A.},
  volume    = {I},
  chapter   = {12},
  pages     = {751--842},
  publisher = {Elsevier Science},
  year      = {2001}
}

@inproceedings{Boreale2001,
  author    = {Boreale, M.},
  title     = {Symbolic trace analysis of cryptographic protocols},
  booktitle = {Automata, Languages and Programming, 28th International Colloquium (ICALP 2001)},
  series    = {Lecture Notes in Computer Science},
  volume    = {2076},
  pages     = {667--681},
  publisher = {Springer-Verlag},
  year      = {2001}
}

@inproceedings{BorealeBuscemi2003,
  author    = {Boreale, M. and Buscemi, N.},
  title     = {On the Symbolic Analysis of Low-Level Cryptographic Primitives: Modular Exponentiation and the Diffie--Hellman Protocol},
  booktitle = {Workshop on Foundations of Computer Security (FCS 2003)},
  year      = {2003}
}

@article{BorshTreybig1976,
  author    = {Borsh, I. and Treybig, L.},
  title     = {Bounds on positive integral solutions of linear diophantine equations},
  journal   = {Proceedings of the American Mathematical Society},
  year      = {1976},
  volume    = {55},
  pages     = {299--304}
}

@book{BoydMathuria2003,
  author    = {Boyd, C. and Mathuria, A.},
  title     = {Protocols for Authentication and Key Establishment},
  publisher = {Springer},
  year      = {2003}
}

@techreport{BullOtway1997,
  author      = {Bull, J. and Otway, D.},
  title       = {The authentication protocol},
  institution = {Defence Research Agency},
  address     = {Malvern, UK},
  number      = {DRA/CIS3/PROJ/CORBA/SC/1/CSM/436-04/03},
  year        = {1997}
}

@inproceedings{ChevalierXOR2003,
  author    = {Chevalier, Y. and K{\"u}sters, R. and Rusinowitch, M. and Turuani, M.},
  title     = {An NP Decision Procedure for Protocol Insecurity with XOR},
  booktitle = {Proceedings of the Eighteenth Annual IEEE Symposium on Logic in Computer Science (LICS 2003)},
  pages     = {261--270},
  publisher = {IEEE Computer Society},
  year      = {2003}
}

@inproceedings{ChevalierDH2003,
  author    = {Chevalier, Y. and K{\"u}sters, R. and Rusinowitch, M. and Turuani, M.},
  title     = {Deciding the Security of Protocols with Diﬃe–Hellman Exponentiation and Products in Exponents},
  booktitle = {Foundations of Software Technology and Theoretical Computer Science (FSTTCS 2003)},
  editor    = {Pandya, P. and Radhakrishnan, J.},
  series    = {Lecture Notes in Computer Science},
  volume    = {2914},
  pages     = {124--135},
  publisher = {Springer},
  year      = {2003}
}

@inproceedings{ChevalierPK2004,
  author    = {Chevalier, Y. and K{\"u}sters, R. and Rusinowitch, M. and Turuani, M.},
  title     = {Deciding the Security of Protocols with Commuting Public Key Encryption},
  booktitle = {IJCAR 2004 Workshop ARSPA: Automated Reasoning for Security Protocol Analysis},
  year      = {2004}
}

@inproceedings{ChevalierVigneron2001,
  author    = {Chevalier, Y. and Vigneron, L.},
  title     = {A Tool for Lazy Verification of Security Protocols},
  booktitle = {Proceedings of the 16th IEEE Conference on Automated Software Engineering (ASE 2001)},
  pages     = {373--376},
  publisher = {IEEE CS Press},
  year      = {2001}
}

@misc{ClarkJacob1997,
  author       = {Clark, J. and Jacob, J.},
  title        = {A Survey of Authentication Protocol Literature},
  howpublished = {Web Draft Version 1.0, \url{http://citeseer.nj.nec.com/}},
  year         = {1997}
}

@inproceedings{ComonLundhShmatikov2003,
  author    = {Comon-Lundh, H. and Shmatikov, V.},
  title     = {Intruder deductions, constraint solving and insecurity decision in presence of exclusive or},
  booktitle = {Proceedings of the Eighteenth Annual IEEE Symposium on Logic in Computer Science (LICS 2003)},
  pages     = {271--280},
  publisher = {IEEE Computer Society},
  year      = {2003}
}

@inproceedings{CorinEtalle2002,
  author    = {Corin, R. and Etalle, S.},
  title     = {An Improved Constraint-Based System for the Verification of Security Protocols},
  booktitle = {Static Analysis Symposium (SAS 2002)},
  editor    = {Hermenegildo, M. and Puebla, G.},
  series    = {Lecture Notes in Computer Science},
  volume    = {2477},
  pages     = {326--341},
  publisher = {Springer},
  year      = {2002}
}

@article{DolevYao1983,
  author    = {Dolev, D. and Yao, A.},
  title     = {On the Security of Public-Key Protocols},
  journal   = {IEEE Transactions on Information Theory},
  year      = {1983},
  volume    = {29},
  number    = {2},
  pages     = {198--208}
}

@unpublished{GoubaultLarrecq2005,
  author = {Goubault-Larrecq, J. and Roger, M. and Verma, K.},
  title  = {Abstraction and resolution modulo AC: How to verify Diffie–Hellman-like protocols automatically},
  note   = {Journal of Logic and Algebraic Programming, to appear},
  year   = {2005}
}

@inproceedings{KapurNarendranWang2003,
  author    = {Kapur, D. and Narendran, P. and Wang, L.},
  title     = {Analyzing protocols that use modular exponentiation: Semantic unification techniques},
  booktitle = {Proceedings of the 14th International Conference on Rewriting Techniques and Applications (RTA 2003)},
  editor    = {Nieuwenhuis, R.},
  series    = {Lecture Notes in Computer Science},
  volume    = {2706},
  pages     = {165--179},
  publisher = {Springer},
  year      = {2003}
}

@inproceedings{Meadows2000,
  author    = {Meadows, C.},
  title     = {Open issues in formal methods for cryptographic protocol analysis},
  booktitle = {Proceedings of DISCEX 2000},
  pages     = {237--250},
  publisher = {IEEE Computer Society Press},
  year      = {2000}
}

@inproceedings{MeadowsNarendran2002,
  author    = {Meadows, C. and Narendran, P.},
  title     = {A Unification Algorithm for the Group Diﬃe–Hellman Protocol},
  booktitle = {Workshop on Issues in the Theory of Security (WITS 2002)},
  year      = {2002}
}

@inproceedings{MillenShmatikov2003,
  author    = {Millen, J. and Shmatikov, V.},
  title     = {Symbolic Protocol Analysis with Products and Diﬃe–Hellman Exponentiation},
  booktitle = {16th IEEE Computer Security Foundations Workshop (CSFW 16)},
  pages     = {47--61},
  publisher = {IEEE Computer Society},
  year      = {2003}
}

@inproceedings{MillenShmatikov2001,
  author    = {Millen, J. K. and Shmatikov, V.},
  title     = {Constraint solving for bounded-process cryptographic protocol analysis},
  booktitle = {Proceedings of the 8th ACM Conference on Computer and Communications Security},
  pages     = {166--175},
  publisher = {ACM Press},
  year      = {2001}
}

@inproceedings{Paulson1997,
  author    = {Paulson, L.},
  title     = {Mechanized Proofs for a Recursive Authentication Protocol},
  booktitle = {10th IEEE Computer Security Foundations Workshop (CSFW-10)},
  pages     = {84--95},
  publisher = {IEEE Computer Society Press},
  year      = {1997}
}

@inproceedings{PereiraQuisquater2001,
  author    = {Pereira, O. and Quisquater, J.-J.},
  title     = {A Security Analysis of the Cliques Protocols Suites},
  booktitle = {14th IEEE Computer Security Foundations Workshop (CSFW-14)},
  pages     = {73--81},
  publisher = {IEEE Computer Society},
  year      = {2001}
}

@inproceedings{PereiraQuisquater2004,
  author    = {Pereira, O. and Quisquater, J.-J.},
  title     = {Generic Insecurity of Cliques-Type Authenticated Group Key Agreement Protocols},
  booktitle = {17th IEEE Computer Security Foundations Workshop (CSFW-17)},
  pages     = {16--29},
  publisher = {IEEE Computer Society Press},
  year      = {2004}
}

@inproceedings{RusinowitchTuruani2001,
  author    = {Rusinowitch, M. and Turuani, M.},
  title     = {Protocol Insecurity with Finite Number of Sessions is NP-complete},
  booktitle = {14th IEEE Computer Security Foundations Workshop (CSFW-14)},
  pages     = {174--190},
  publisher = {IEEE Computer Society},
  year      = {2001}
}

@article{RyanSchneider1998,
  author    = {Ryan, P. and Schneider, S.},
  title     = {An Attack on a Recursive Authentication Protocol},
  journal   = {Information Processing Letters},
  year      = {1998},
  volume    = {65},
  number    = {1},
  pages     = {7--10}
}

@book{Schneier1996,
  author    = {Schneier, B.},
  title     = {Applied Cryptography},
  publisher = {John Wiley \& Sons},
  address   = {New York},
  year      = {1996}
}

@inproceedings{Shmatikov2004,
  author    = {Shmatikov, V.},
  title     = {Decidable Analysis of Cryptographic Protocols with Products and Modular Exponentiation},
  booktitle = {13th European Symposium on Programming (ESOP 2004)},
  editor    = {Schmidt, D.},
  series    = {Lecture Notes in Computer Science},
  volume    = {2986},
  pages     = {355--369},
  publisher = {Springer},
  year      = {2004}
}

@inproceedings{SteinerTsudikWaidner1998,
  author    = {Steiner, M. and Tsudik, G. and Waidner, M.},
  title     = {CLIQUES: A new approach to key agreement},
  booktitle = {IEEE International Conference on Distributed Computing Systems},
  pages     = {380--387},
  publisher = {IEEE Computer Society Press},
  year      = {1998}
}
